@article{McGeer01041990,
  author = {McGeer, Tad}, 
  title = {\href{http://ijr.sagepub.com/content/9/2/62.abstract}{Passive Dynamic Walking}}, 
  volume = {9}, 
  number = {2}, 
  pages = {62-82}, 
  year = {1990}, 
  doi = {10.1177/027836499000900206}, 
  URL = {http://ijr.sagepub.com/content/9/2/62.abstract}, 
  eprint = {http://ijr.sagepub.com/content/9/2/62.full.pdf+html}, 
  journal = {The International Journal of Robotics Research}
}

@article{kalman1960new,
  title={A new approach to linear filtering and prediction problems},
  author={Kalman, R.E.},
  journal={Journal of Basic Engineering},
  volume={82},
  number={1},
  pages={35--45},
  year={1960},
  publisher={Citeseer}
}

@inproceedings{volosyak2005rehabilitation,
	title={Rehabilitation robot FRIEND II-the general concept and current implementation},
	author={Volosyak, Ivan and Ivlev, Oleg and Graser, Axel},
	booktitle={9th International Conference on Rehabilitation Robotics, 2005. ICORR 2005.},
	pages={540--544},
	year={2005},
	organization={IEEE}
}
\\
@inproceedings{tsui2008development,
	title={Development and evaluation of a flexible interface for a wheelchair mounted robotic arm},
	author={Tsui, Katherine and Yanco, Holly and Kontak, David and Beliveau, Linda},
	booktitle={Proceedings of the 3rd ACM/IEEE international conference on Human robot interaction},
	pages={105--112},
	year={2008},
	organization={ACM}
}

@inproceedings{herlant2016assistive,
	title={Assistive Teleoperation of Robot Arms via Automatic Time-Optimal Mode Switching},
	author={Herlant, Laura V and Holladay, Rachel M and Srinivasa, Siddhartha S},
	booktitle={The Eleventh ACM/IEEE International Conference on Human Robot Interation},
	pages={35--42},
	year={2016},
	organization={IEEE Press}
}

@article{monsell2003task,
	title={Task switching},
	author={Monsell, Stephen},
	journal={Trends in cognitive sciences},
	volume={7},
	number={3},
	pages={134--140},
	year={2003},
	publisher={Elsevier}
}

@article{gopinath2017human,
	title={Human-in-the-Loop Optimization of Shared Autonomy in Assistive Robotics},
	author={Gopinath, Deepak and Jain, Siddarth and Argall, Brenna D},
	journal={IEEE Robotics and Automation Letters},
	volume={2},
	number={1},
	pages={247--254},
	year={2017},
	publisher={IEEE}
}

@inproceedings{dragan2013legibility,
	title={Legibility and predictability of robot motion},
	author={Dragan, Anca D and Lee, Kenton CT and Srinivasa, Siddhartha S},
	booktitle={2013 8th ACM/IEEE International Conference on Human-Robot Interaction (HRI)},
	pages={301--308},
	year={2013},
	organization={IEEE}
}

@article{dragan2013generating,
	title={Generating legible motion},
	author={Dragan, Anca and Srinivasa, Siddhartha},
	year={2013}
}

@inproceedings{sorokin2010people,
	title={People helping robots helping people: Crowdsourcing for grasping novel objects},
	author={Sorokin, Alexander and Berenson, Dmitry and Srinivasa, Siddhartha S and Hebert, Martial},
	booktitle={Intelligent Robots and Systems (IROS), 2010 IEEE/RSJ International Conference on},
	pages={2117--2122},
	year={2010},
	organization={IEEE}
}

@inproceedings{rosenthal2010effective,
	title={An effective personal mobile robot agent through symbiotic human-robot interaction},
	author={Rosenthal, Stephanie and Biswas, Joydeep and Veloso, Manuela},
	booktitle={Proceedings of the 9th International Conference on Autonomous Agents and Multiagent Systems: volume 1-Volume 1},
	pages={915--922},
	year={2010},
	organization={International Foundation for Autonomous Agents and Multiagent Systems}
}