@article{McGeer01041990,
  author = {McGeer, Tad}, 
  title = {\href{http://ijr.sagepub.com/content/9/2/62.abstract}{Passive Dynamic Walking}}, 
  volume = {9}, 
  number = {2}, 
  pages = {62-82}, 
  year = {1990}, 
  doi = {10.1177/027836499000900206}, 
  URL = {http://ijr.sagepub.com/content/9/2/62.abstract}, 
  eprint = {http://ijr.sagepub.com/content/9/2/62.full.pdf+html}, 
  journal = {The International Journal of Robotics Research}
}
@article{baker2017rational,
	title={Rational quantitative attribution of beliefs, desires and percepts in human mentalizing},
	author={Baker, Chris L. and Jara-Ettinger, Julian and Saxe, Rebecca R. and Tenenbaum, Joshua B.},
	journal={Nature Human Behaviour},
	volume={1},
	pages={0064},
	year={2017},
	publisher={Nature Publishing Group}
}
@article{tavakkoli2007vision,
	title={A vision-based architecture for intent recognition},
	author={Tavakkoli, Alireza and Kelley, Richard and King, Christopher and Nicolescu, Mircea and Nicolescu, Monica and Bebis, George},
	journal={Advances in Visual Computing},
	pages={173--182},
	year={2007},
	publisher={Springer}
}
@inproceedings{wasson2003user,
	title={User intent in a shared control framework for pedestrian mobility aids},
	author={Wasson, Glenn and Sheth, Pradip and Alwan, Majd and Granata, Kevin and Ledoux, Alexandre and Huang, Cunjun},
	booktitle={Proceedings of the IEEE/RSJ International Conference on Intelligent Robots and Systems (IROS)},
	year={2003}
}
@book{dragan2012formalizing,
	title={Formalizing assistive teleoperation},
	author={Dragan, Anca D. and Srinivasa, Siddhartha S.},
	year={2012},
	publisher={MIT Press}
}
@inproceedings{dragan2012assistive,
	title={Assistive teleoperation for manipulation tasks},
	author={Dragan, Anca D. and Srinivasa, Siddhartha S.},
	booktitle={Proceedings of ACM/IEEE International Conference on Human-Robot Interaction (HRI)},
	year={2012}
}
@article{dragan2013policy,
	title={A policy-blending formalism for shared control},
	author={Dragan, Anca D. and Srinivasa, Siddhartha S.},
	journal={The International Journal of Robotics Research},
	volume={32},
	number={7},
	pages={790--805},
	year={2013},
	publisher={SAGE Publications Sage UK: London, England}
}
@inproceedings{baker2007goal,
	title={Goal inference as inverse planning},
	author={Baker, Chris L. and Tenenbaum, Joshua B. and Saxe, Rebecca R.},
	booktitle={Proceedings of the Cognitive Science Society},
	year={2007}
}
@article{baker2009action,
	title={Action understanding as inverse planning},
	author={Baker, Chris L. and Saxe, Rebecca R. and Tenenbaum, Joshua B.},
	journal={Cognition},
	volume={113},
	number={3},
	pages={329--349},
	year={2009},
	publisher={Elsevier}
}
@article{barrett2005accurate,
	title={Accurate judgments of intention from motion cues alone: A cross-cultural study},
	author={Barrett, Clark H. and Todd, Peter M. and Miller, Geoffrey F. and Blythe, Philip W.},
	journal={Evolution and Human Behavior},
	volume={26},
	number={4},
	pages={313--331},
	year={2005},
	publisher={Elsevier}
}
@article{donoghue2002connecting,
	title={Connecting cortex to machines: recent advances in brain interfaces},
	author={Donoghue, John P.},
	journal={Nature Neuroscience},
	volume={5},
	pages={1085--1088},
	year={2002},
	publisher={Nature publishing group}
}
@inproceedings{atanasov2014information,
	title={Information acquisition with sensing robots: Algorithms and error bounds},
	author={Atanasov, Nikolay and Le Ny, Jerome and Daniilidis, Kostas and Pappas, George J.},
	booktitle={IEEE International Conference on Robotics and Automation (ICRA)},
	year={2014}
}
@article{kalman1960new,
  title={A new approach to linear filtering and prediction problems},
  author={Kalman, R.E.},
  journal={Journal of Basic Engineering},
  volume={82},
  number={1},
  pages={35--45},
  year={1960},
  publisher={Citeseer}
}
@inproceedings{miller2013trajectory,
	title={Trajectory optimization for continuous ergodic exploration},
	author={Miller, Lauren M. and Murphey, Todd D.},
	booktitle={American Control Conference (ACC)},
	year={2013}
}
@article{miller2016ergodic,
	title={Ergodic exploration of distributed information},
	author={Miller, Lauren M. and Silverman, Yonatan and MacIver, Malcolm A. and Murphey, Todd D.},
	journal={IEEE Transactions on Robotics},
	volume={32},
	number={1},
	pages={36--52},
	year={2016},
	publisher={IEEE}
}
@inproceedings{goodfellow2010help,
	title={Help me help you: Interfaces for personal robots},
	author={Goodfellow, Ian J. and Koenig, Nate and Muja, Marius and Pantofaru, Caroline and Sorokin, Alexander and Takayama, Leila},
	booktitle={Proceedings of ACM/IEEE International Conference on Human-Robot Interaction (HRI)},
	year={2010}
}

@inproceedings{volosyak2005rehabilitation,
	title={Rehabilitation robot {FRIEND II}-the general concept and current implementation},
	author={Volosyak, Ivan and Ivlev, Oleg and Graser, Axel},
	booktitle={Proceedings of the International Conference on Rehabilitation Robotics (ICORR)},
	year={2005}
}
\\
@inproceedings{tsui2008development,
	title={Development and evaluation of a flexible interface for a wheelchair mounted robotic arm},
	author={Tsui, Katherine and Yanco, Holly and Kontak, David and Beliveau, Linda},
	booktitle={Proceedings of the ACM/IEEE International Conference on Human-Robot Interaction (HRI)},
	year={2008}
}

@inproceedings{herlant2016assistive,
	title={Assistive Teleoperation of Robot Arms via Automatic Time-Optimal Mode Switching},
	author={Herlant, Laura V. and Holladay, Rachel M. and Srinivasa, Siddhartha S.},
	booktitle={Proceedings of the ACM/IEEE International Conference on Human-Robot Interaction (HRI)},
	year={2016}
}

@article{monsell2003task,
	title={Task switching},
	author={Monsell, Stephen},
	journal={Trends in cognitive sciences},
	volume={7},
	number={3},
	pages={134--140},
	year={2003},
	publisher={Elsevier}
}

@article{gopinath2017human,
	title={Human-in-the-Loop Optimization of Shared Autonomy in Assistive Robotics},
	author={Gopinath, Deepak and Jain, Siddarth and Argall, Brenna D.},
	journal={IEEE Robotics and Automation Letters},
	volume={2},
	number={1},
	pages={247--254},
	year={2017},
	publisher={IEEE}
}
@inproceedings{nuttin2002selection,
	title={Selection of suitable human-robot interaction techniques for intelligent wheelchairs},
	author={Nuttin, Marnix and Vanhooydonck, Dirk and Demeester, Eric and Van Brussel, Hendrik},
	booktitle={Proceedings of the IEEE International Workshop on Robot and Human Interactive Communication},
	year={2002}
}
@inproceedings{choi2008laser,
	title={Laser pointers and a touch screen: intuitive interfaces for autonomous mobile manipulation for the motor impaired},
	author={Choi, Young Sang and Anderson, Cressel D. and Glass, Jonathan D. and Kemp, Charles C.},
	booktitle={Proceedings of the International SIGACCESS Conference on Computers and Accessibility},
	year={2008},
}
@inproceedings{dragan2013legibility,
	title={Legibility and predictability of robot motion},
	author={Dragan, Anca D. and Lee, Kenton CT. and Srinivasa, Siddhartha S.},
	booktitle={Proceedings of the ACM/IEEE International Conference on Human-Robot Interaction (HRI)},
	year={2013}
}
@inproceedings{holladay2014legible,
	title={Legible robot pointing},
	author={Holladay, Rachel M. and Dragan, Anca D. and Srinivasa, Siddhartha S.},
	booktitle={The IEEE International Symposium on Robot and Human Interactive Communication (RO-MAN)},
	year={2014}
}

@article{dragan2013generating,
	title={Generating legible motion},
	author={Dragan, Anca and Srinivasa, Siddhartha},
	year={2013}
}

@inproceedings{sorokin2010people,
	title={People helping robots helping people: Crowdsourcing for grasping novel objects},
	author={Sorokin, Alexander and Berenson, Dmitry and Srinivasa, Siddhartha S. and Hebert, Martial},
	booktitle={Proceedings of the IEEE/RSJ International Conference on Intelligent Robots and Systems (IROS)},
	year={2010}
}

@inproceedings{rosenthal2010effective,
	title={An effective personal mobile robot agent through symbiotic human-robot interaction},
	author={Rosenthal, Stephanie and Biswas, Joydeep and Veloso, Manuela},
	booktitle={Proceedings of the International Conference on Autonomous Agents and Multiagent Systems},
	year={2010}
}